%% This BibTeX bibliography file was created using BibDesk.
%% http://bibdesk.sourceforge.net/

%% Created for Christopher James Scambler at 2022-07-23 16:02:44 +0100 


%% Saved with string encoding Unicode (UTF-8) 



@article{AP2020,
	author = {Alexander R. Pruss},
	date-added = {2022-07-23 14:09:52 +0100},
	date-modified = {2022-07-23 14:09:56 +0100},
	doi = {10.1080/00048402.2019.1638949},
	journal = {Australasian Journal of Philosophy},
	number = {3},
	pages = {604--617},
	publisher = {Routledge},
	title = {Might All Infinities Be the Same Size?},
	volume = {98},
	year = {2020},
	bdsk-url-1 = {https://doi.org/10.1080/00048402.2019.1638949}}

@article{CS2021,
	author = {Chris J. Scambler},
	date-added = {2022-07-23 14:08:27 +0100},
	date-modified = {2022-07-23 14:08:38 +0100},
	doi = {10.1007/s10992-021-09593-w},
	journal = {Journal of Philosophical Logic},
	number = {5},
	pages = {1079--1106},
	publisher = {Springer Verlag},
	title = {Can All Things Be Counted?},
	volume = {50},
	year = {2021},
	bdsk-url-1 = {https://doi.org/10.1007/s10992-021-09593-w}}

@article{TM2015,
	author = {Toby Meadows},
	date-added = {2022-07-23 14:07:39 +0100},
	date-modified = {2022-07-23 14:07:44 +0100},
	doi = {10.1215/00294527-2835074},
	journal = {Notre Dame Journal of Formal Logic},
	number = {1},
	pages = {191--212},
	title = {Naive Infinitism: The Case for an Inconsistency Approach to Infinite Collections},
	volume = {56},
	year = {2015},
	bdsk-url-1 = {https://doi.org/10.1215/00294527-2835074}}

@article{BW2022,
	author = {David Builes and Jessica M. Wilson},
	date-added = {2022-07-23 14:06:51 +0100},
	date-modified = {2022-07-23 14:06:57 +0100},
	doi = {10.1007/s11098-021-01760-8},
	journal = {Philosophical Studies},
	number = {7},
	pages = {2199--2236},
	publisher = {Springer Verlag},
	title = {In Defense of Countabilism},
	volume = {179},
	year = {2022},
	bdsk-url-1 = {https://doi.org/10.1007/s11098-021-01760-8}}

@unpublished{SR2022,
	author = {Sam Roberts},
	date-added = {2022-07-23 14:03:46 +0100},
	date-modified = {2022-07-23 14:04:26 +0100},
	note = {Ms under review},
	title = {Ultimate V}}

@unpublished{EB2022,
	author = {Ethan Brauer},
	date-added = {2022-07-23 14:02:38 +0100},
	date-modified = {2022-07-23 14:04:03 +0100},
	note = {Forthcoming in the Palgrave Companion to the Philosophy of Set Theory},
	title = {What is Forcing Potentialism?},
	year = {Forth.}}
